@misc{Nepal_profile,
  author = {{World Health Organization}},
  title = {Nepal Country Profile},
  year = {2021},
  url={https://data.who.int/countries/524.[Accessed: Dec. 3, 2024].},
}
@misc{Nepal_un,
  author = {{United Nations}},
  title = {Least Developed Country Category: Nepal Profile},
  year = {2021},
  url={https://www.un.org/development/desa/dpad/least-developed-country-category-nepal.html.[Accessed: Dec. 3, 2024].},
}

@ARTICLE{Sarker_2020,
  title={COVID-DenseNet: A Deep Learning Architecture to Detect COVID-19 from Chest Radiology Images},
  year={2020},
  author={Laboni Sarker,  Zakaria Ahmed},
  doi={10.20944/preprints202005.0151.v1},
  pmid={null},
  pmcid={null},
  mag_id={3021085078},
  journal={arXiv.org},
  type="article"
}

@ARTICLE{DeGrave_2020,
  title={AI for radiographic COVID-19 detection selects shortcuts over signal},
  year={2020},
  author={Alex J. DeGrave, Joseph D. Janizek, Su-In Lee},
  doi={10.1101/2020.09.13.20193565},
  pmid={32995822},
  pmcid={7523163},
  mag_id={3085109610},
  journal={medRxiv},
  type="article"
}

@ARTICLE{González_2020,
  title={UMLS-ChestNet: A deep convolutional neural network for radiological findings, differential diagnoses and localizations of COVID-19 in chest x-rays},
  year={2020},
  author={Germán González, Aurelia Bustos, Xavier Barber, Antonio Pertusa},
  doi={null},
  pmid={null},
  pmcid={null},
  mag_id={3034845526},
  journal={arXiv.org},
  type="article"
}

@ARTICLE{Saporta_2022,
  title={Benchmarking saliency methods for chest X-ray interpretation},
  year={2022},
  author={Adriel Saporta, Xiaotong Gui, Ashwin Agrawal, Anuj Pareekr},
  doi={10.1038/s42256-022-00536-x},
  pmid={null},
  pmcid={null},
  mag_id={4304083970},
  journal={Nature Machine Intelligence},
  type="article"
}

@ARTICLE{undefined_2021,
  title={Peer Review #1 of "ECOVNet: a highly effective ensemble based deep learning model for detecting COVID-19 (v0.3)"},
  year={2021},
  author={},
  doi={10.7287/peerj-cs.551v0.3/reviews/1},
  pmid={null},
  pmcid={null},
  mag_id={4206518789},
  journal={null},
  type="article"
}

@ARTICLE{Malhotra_2020,
  title={Multi-Task Driven Explainable Diagnosis of COVID-19 using Chest X-ray Images},
  year={2020},
  author={Aakarsh Malhotra, Surbhi Mittal, Puspita Majumdar, Saheb Chhabra, Anjali Agrawal},
  doi={10.1016/j.patcog.2021.108243},
  pmid={34456368},
  pmcid={8379001},
  mag_id={3047677357},
  journal={Pattern Recognition},
  type="article"
}

@ARTICLE{Roberts_2020,
  title={Machine learning for COVID-19 detection and prognostication using chest radiographs and CT scans: a systematic methodological review},
  year={2020},
  author={Michael Roberts, Derek Driggs, Julian Gilbey},
  doi={null},
  pmid={null},
  pmcid={null},
  mag_id={3049308402},
  journal={arXiv.org},
  type="article"
}

@ARTICLE{Geirhos_2020,
  title={Shortcut Learning in Deep Neural Networks},
  year={2020},
  author={Robert Geirhos, Jörn-Henrik Jacobsen, Claudio Michaelis},
  doi={10.1038/s42256-020-00257-z},
  pmid={null},
  pmcid={null},
  mag_id={3016970897},
  journal={arXiv: Computer Vision and Pattern Recognition},
  type="article"
}

@ARTICLE{Singh_2024,
  title={CoVScreen: Pitfalls and recommendations for screening COVID-19 using Chest X-rays},
  year={2024},
  author={Sonit Singh},
  doi={10.48550/arxiv.2405.07674},
  pmid={null},
  pmcid={null},
  mag_id={null},
  journal={arXiv.org},
  type="article"
}

@ARTICLE{Motamed_2020,
  title={RANDGAN: Randomized Generative Adversarial Network for Detection of COVID-19 in Chest X-ray},
  year={2020},
  author={Saman Motamed, Patrik Rogalla, Farzad Khalvati},
  doi={10.1038/s41598-021-87994-2},
  pmid={33883609},
  pmcid={8060427},
  mag_id={3092975073},
  journal={arXiv: Image and Video Processing},
  type="article"
}

@ARTICLE{Cruz_2021,
  title={Public Covid-19 X-ray datasets and their impact on model bias - a systematic review of a significant problem},
  year={2021},
  author={Beatriz García Santa Cruz, Matias Bossa, Jan Sölter},
  doi={10.1101/2021.02.15.21251775},
  pmid={34597937},
  pmcid={8479314},
  mag_id={3129734293},
  journal={medRxiv},
  type="article"
}
@ARTICLE{Maguolo_2020,title={A Critic Evaluation of Methods for COVID-19 Automatic Detection from X-Ray Images},year={2020},author={Gianluca Maguolo and Gianluca Maguolo and Loris Nanni and Loris Nanni},doi={10.1016/j.inffus.2021.04.008},pmid={33967656},pmcid={8086233},mag_id={3017744567},journal={arXiv: Image and Video Processing}}
@article{Karim2021ECOVNet,
  title={ECOVNet: a highly effective ensemble based deep learning model for detecting COVID-19},
  author={Karim, Nihad and Kabir, Ashad and Rahman, Md. Muhtadir and Rezoana, Noortaz},
  journal={PeerJ Computer Science},
  volume={7},
  number={7},
  pages={e551},
  year={2021},
  doi={10.7717/peerj-cs.551},
  publisher={Taylor & Francis},
  issn={2376-5992}
}